<record><leader>00000cas a2200000 a 4500</leader><controlfield tag="001">17359835</controlfield><controlfield tag="008">880119d1uuu1970wauwr ne      0    0eng d</controlfield><datafield ind1=" " ind2=" " tag="010"><subfield code="a">sn 88085232 </subfield></datafield><datafield ind1=" " ind2=" " tag="040"><subfield code="a">SLZ</subfield><subfield code="b">eng</subfield><subfield code="c">SLZ</subfield><subfield code="d">WAU</subfield><subfield code="d">OCL</subfield><subfield code="d">OCLCQ</subfield><subfield code="d">OCLCF</subfield><subfield code="d">OCLCO</subfield></datafield><datafield ind1=" " ind2=" " tag="042"><subfield code="a">msc</subfield></datafield><datafield ind1=" " ind2=" " tag="043"><subfield code="a">n-us-wa</subfield></datafield><datafield ind1="0" ind2="0" tag="245"><subfield code="a">Lake Stevens news.</subfield></datafield><datafield ind1=" " ind2=" " tag="260"><subfield code="a">[Lake Stevens, Wash. :</subfield><subfield code="b">Lake Stevens News],</subfield><subfield code="c">-1970.</subfield></datafield><datafield ind1=" " ind2=" " tag="300"><subfield code="a">v.</subfield></datafield><datafield ind1=" " ind2=" " tag="310"><subfield code="a">Weekly</subfield></datafield><datafield ind1="0" ind2=" " tag="362"><subfield code="a">-v. 80, no. 10 (Apr. 9, 1970).</subfield></datafield><datafield ind1=" " ind2=" " tag="515"><subfield code="a">Vols. 10-76 omitted from numbering.</subfield></datafield><datafield ind1=" " ind2=" " tag="580"><subfield code="a">Merged with: Granite Falls press, to form: Lake Stevens, Granite Falls news-press.</subfield></datafield><datafield ind1=" " ind2=" " tag="588"><subfield code="a">Description based on: Vol. 9, no. 6 (Mar. 17, 1966).</subfield></datafield><datafield ind1=" " ind2="0" tag="651"><subfield code="a">Lake Stevens (Wash.)</subfield><subfield code="v">Newspapers.</subfield></datafield><datafield ind1=" " ind2="7" tag="655"><subfield code="a">Newspapers.</subfield><subfield code="2">fast</subfield><subfield code="0">(OCoLC)fst01423814</subfield></datafield><datafield ind1=" " ind2="7" tag="651"><subfield code="a">Washington (State)</subfield><subfield code="z">Lake Stevens.</subfield><subfield code="2">fast</subfield><subfield code="0">(OCoLC)fst01249973</subfield></datafield><datafield ind1=" " ind2=" " tag="752"><subfield code="a">United States</subfield><subfield code="b">Washington</subfield><subfield code="c">Snohomish</subfield><subfield code="d">Lake Stevens.</subfield></datafield><datafield ind1="1" ind2="7" tag="785"><subfield code="t">Granite Falls press</subfield><subfield code="w">(DLC)sn 88085233</subfield><subfield code="w">(OCoLC)17359852</subfield></datafield><datafield ind1="1" ind2="7" tag="785"><subfield code="t">Lake Stevens, Granite Falls news-press</subfield><subfield code="w">(DLC)sn 88085234</subfield><subfield code="w">(OCoLC)17359869</subfield></datafield></record>